@Article{Insolvibile:2001:KKL,
  author =       "Gianluca Insolvibile",
  title =        "Kernel Korner: {Linux} Socket Filter: Sniffing Bytes
                 over the Network",
  journal =      j-LINUX-J,
  volume =       "86",
  pages =        "24, 26, 28, 30--31",
  month =        jun,
  year =         "2001",
  CODEN =        "LIJOFX",
  ISSN =         "1075-3583 (print), 1938-3827 (electronic)",
  ISSN-L =       "1075-3583",
  bibdate =      "Wed May 23 15:20:33 MDT 2001",
  bibsource =    "http://noframes.linuxjournal.com/lj-issues/issue86/index.html;
                 http://www.math.utah.edu/pub/tex/bib/linux-journal.bib",
  URL =          "http://noframes.linuxjournal.com/lj-issues/issue86/4659.html",
  acknowledgement = ack-nhfb,
  fjournal =     "Linux Journal",
  journal-URL =  "http://portal.acm.org/citation.cfm?id=J508",
}

@Article{Insolvibile:2002:KKIa,
  author =       "Gianluca Insolvibile",
  title =        "Kernel Korner: Inside the {Linux} Packet Filter",
  journal =      j-LINUX-J,
  volume =       "94",
  pages =        "14, 16--18",
  month =        feb,
  year =         "2002",
  CODEN =        "LIJOFX",
  ISSN =         "1075-3583 (print), 1938-3827 (electronic)",
  ISSN-L =       "1075-3583",
  bibdate =      "Fri Feb 8 16:59:02 MST 2002",
  bibsource =    "http://noframes.linuxjournal.com/lj-issues/issue94/index.html;
                 http://www.math.utah.edu/pub/tex/bib/linux-journal.bib",
  URL =          "http://noframes.linuxjournal.com/lj-issues/issue94/article.php?sid=4852",
  acknowledgement = ack-nhfb,
  fjournal =     "Linux Journal",
  journal-URL =  "http://portal.acm.org/citation.cfm?id=J508",
}

@Article{Insolvibile:2002:KKIb,
  author =       "Gianluca Insolvibile",
  title =        "Kernel Korner: Inside the {Linux} Packet Filter, {Part
                 II}",
  journal =      j-LINUX-J,
  volume =       "95",
  pages =        "20--21, 23--25",
  month =        mar,
  year =         "2002",
  CODEN =        "LIJOFX",
  ISSN =         "1075-3583 (print), 1938-3827 (electronic)",
  ISSN-L =       "1075-3583",
  bibdate =      "Thu Feb 14 06:30:28 MST 2002",
  bibsource =    "http://noframes.linuxjournal.com/lj-issues/issue95/index.html;
                 http://www.math.utah.edu/pub/tex/bib/linux-journal.bib",
  acknowledgement = ack-nhfb,
  fjournal =     "Linux Journal",
  journal-URL =  "http://portal.acm.org/citation.cfm?id=J508",
}

@inproceedings{DBLP:conf/usenix/McCanneJ93,
  author    = {Steven McCanne and
               Van Jacobson},
  title     = {The {BSD} Packet Filter: {A} New Architecture for User-level Packet
               Capture},
  booktitle = {Proceedings of the Usenix Winter 1993 Technical Conference, San Diego,
               California, USA, January 1993},
  pages     = {259--270},
  publisher = {{USENIX} Association},
  year      = {1993},
  url       = {https://www.usenix.org/conference/usenix-winter-1993-conference/bsd-packet-filter-new-architecture-user-level-packet},
  timestamp = {Thu, 15 May 2014 18:36:23 +0200},
  biburl    = {http://dblp.uni-trier.de/rec/bib/conf/usenix/McCanneJ93},
  bibsource = {dblp computer science bibliography, http://dblp.org}
}

@inproceedings{DBLP:conf/conext/SchneiderW05,
  author    = {Fabian Schneider and
               J{\"{o}}rg Wallerich},
  editor    = {Michel Diaz and
               Arturo Azcorra and
               Philippe Owezarski and
               Serge Fdida},
  title     = {Performance evaluation of packet capturing systems for high-speed
               networks},
  booktitle = {Proceedings of the 2005 {ACM} Conference on Emerging Network Experiment
               and Technology, CoNEXT 2005, Toulouse, France, October 24-27, 2005},
  pages     = {284--285},
  publisher = {{ACM}},
  year      = {2005},
  url       = {http://doi.acm.org/10.1145/1095921.1095982},
  doi       = {10.1145/1095921.1095982},
  timestamp = {Mon, 22 Feb 2016 15:02:06 +0100},
  biburl    = {http://dblp.uni-trier.de/rec/bib/conf/conext/SchneiderW05},
  bibsource = {dblp computer science bibliography, http://dblp.org}
}

@inproceedings{DBLP:conf/pam/SchneiderWF07,
  author    = {Fabian Schneider and
               J{\"{o}}rg Wallerich and
               Anja Feldmann},
  editor    = {Steve Uhlig and
               Konstantina Papagiannaki and
               Olivier Bonaventure},
  title     = {Packet Capture in 10-Gigabit Ethernet Environments Using Contemporary
               Commodity Hardware},
  booktitle = {Passive and Active Network Measurement, 8th Internatinoal Conference,
               {PAM} 2007, Louvain-la-neuve, Belgium, April 5-6, 2007, Proceedings},
  series    = {Lecture Notes in Computer Science},
  volume    = {4427},
  pages     = {207--217},
  publisher = {Springer},
  year      = {2007},
  url       = {http://dx.doi.org/10.1007/978-3-540-71617-4_21},
  doi       = {10.1007/978-3-540-71617-4_21},
  timestamp = {Mon, 22 Feb 2016 15:02:06 +0100},
  biburl    = {http://dblp.uni-trier.de/rec/bib/conf/pam/SchneiderWF07},
  bibsource = {dblp computer science bibliography, http://dblp.org}
}

@MASTERSTHESIS{schneider05da,
  author = {Fabian Schneider},
  title = {Performance evaluation of packet capturing systems for
  high-speed networks},
  school = {Technische Universit\"{a}t M\"{u}nchen},
  TYPE = {Diplomarbeit},
  address = {Munich, Germany},
  year = {2005},
  month = nov,
  COMMENT = {To use the following line, you have to include the url
    package in your tex preamble}},
}

@inproceedings{DBLP:conf/globecom/ChenCCM11,
  author    = {Chao{-}Chih Chen and
               Yung Ryn Choe and
               Chen{-}Nee Chuah and
               Prasant Mohapatra},
  title     = {Experimental Evaluation of the Impact of Packet Capturing Tools for
               Web Services},
  booktitle = {Proceedings of the Global Communications Conference, {GLOBECOM} 2011,
               5-9 December 2011, Houston, Texas, {USA}},
  pages     = {1--5},
  publisher = {{IEEE}},
  year      = {2011},
  url       = {http://dx.doi.org/10.1109/GLOCOM.2011.6133789},
  doi       = {10.1109/GLOCOM.2011.6133789},
  timestamp = {Tue, 24 Jan 2012 21:17:59 +0100},
  biburl    = {http://dblp.uni-trier.de/rec/bib/conf/globecom/ChenCCM11},
  bibsource = {dblp computer science bibliography, http://dblp.org}
}

@inproceedings{DBLP:conf/imc/WuD14,
  author    = {Wenji Wu and
               Phil DeMar},
  editor    = {Carey Williamson and
               Aditya Akella and
               Nina Taft},
  title     = {WireCAP: a novel packet capture engine for commodity NICs in high-speed
               networks},
  booktitle = {Proceedings of the 2014 Internet Measurement Conference, {IMC} 2014,
               Vancouver, BC, Canada, November 5-7, 2014},
  pages     = {395--406},
  publisher = {{ACM}},
  year      = {2014},
  url       = {http://doi.acm.org/10.1145/2663716.2663736},
  doi       = {10.1145/2663716.2663736},
  timestamp = {Tue, 12 May 2015 17:12:01 +0200},
  biburl    = {http://dblp.uni-trier.de/rec/bib/conf/imc/WuD14},
  bibsource = {dblp computer science bibliography, http://dblp.org}
}

@article{DBLP:journals/comcom/TurullSO16,
  author    = {Daniel Turull and
               Peter Sj{\"{o}}din and
               Robert Olsson},
  title     = {Pktgen: Measuring performance on high speed networks},
  journal   = {Computer Communications},
  volume    = {82},
  pages     = {39--48},
  year      = {2016},
  url       = {http://dx.doi.org/10.1016/j.comcom.2016.03.003},
  doi       = {10.1016/j.comcom.2016.03.003},
  timestamp = {Mon, 02 May 2016 16:54:03 +0200},
  biburl    = {http://dblp.uni-trier.de/rec/bib/journals/comcom/TurullSO16},
  bibsource = {dblp computer science bibliography, http://dblp.org}
}
